% bmc_article.bib
% 
%  An example of bibtex entries.
%  Entries taken from BMC instructions for authors page.

% uncomment next line to make author-year bibliography
@settings{label, options="nameyear"}
   
@article{BENDHEIM,
	ISSN = {25764810},
	URL = {http://www.jstor.org/stable/44438318},
	author = {OTTO L. BENDHEIM},
	journal = {Bulletin of the Institute of the History of Medicine},
	number = {7},
	pages = {684--686},
	publisher = {The Johns Hopkins University Press},
	title = {ON THE HISTORY OF HOFFMANN'S SIGN},
	urldate = {2024-10-01},
	volume = {5},
	year = {1937}
}

@article{whitney,
	title={Hoffmann Sign},
	author={Whitney, Elizabeth and Munakomi, Sam},
	year={2022},
	journal={StatPearls [Internet]},
	publisher={StatPearls Publishing},
	address={Treasure Island (FL)},
	note={2024 Jan--},
	pmid={31424740},
	url={https://www.ncbi.nlm.nih.gov/books/NBK539843/},
}